<?xml version="1.0" encoding="UTF-8"?>
<AppHdr xmlns="urn:iso:std:iso:20022:tech:xsd:head.001.001.02" xmlns:xsi="http://www.w3.org/2001/XMLSchema-instance">
	<Fr>
		<OrgId>
			<Id>
				<OrgId>
					<AnyBIC>PBBBDEFFXXX</AnyBIC>
				</OrgId>
			</Id>
		</OrgId>
	</Fr>
	<To>
		<OrgId>
			<Id>
				<OrgId>
					<AnyBIC>PBBBDEFFXXX</AnyBIC>
				</OrgId>
			</Id>
		</OrgId>
	</To>
	<BizMsgIdr>M</BizMsgIdr>
	<MsgDefIdr>pacs.008.001.08</MsgDefIdr>
	<BizSvc>bot.bahtnet.01</BizSvc>
	<CreDt>2020-03-24T10:48:00+05:30</CreDt>
</AppHdr>
<Document xmlns="urn:iso:std:iso:20022:tech:xsd:pacs.008.001.08" xmlns:xsi="http://www.w3.org/2001/XMLSchema-instance">
	<FIToFICstmrCdtTrf>
		<GrpHdr>
			<MsgId>NONREF9</MsgId>
			<CreDtTm>2019-10-07T09:30:00+05:30</CreDtTm>
			<NbOfTxs>1</NbOfTxs>
			<TtlIntrBkSttlmAmt Ccy="THB">23500</TtlIntrBkSttlmAmt>
			<SttlmInf>
				<SttlmMtd>CLRG</SttlmMtd>
				<ClrSys>
					<Cd>THB</Cd>
				</ClrSys>
			</SttlmInf>
		</GrpHdr>
		<CdtTrfTxInf>
			<PmtId>
				<InstrId>Inp008b021-InsId</InstrId>
				<EndToEndId>Inp008b021-E2EId</EndToEndId>
				<UETR>e008b021-59c5-41e9-be4c-d45102fc201e</UETR>
				<ClrSysRef>RTGS-p008b021</ClrSysRef>
			</PmtId>
			<PmtTpInf>
				<SvcLvl>
					<Cd>BKTR</Cd>
				</SvcLvl>
				<CtgyPurp>
					<Prtry>QWE</Prtry>
				</CtgyPurp>
			</PmtTpInf>
			<IntrBkSttlmAmt Ccy="THB">23500</IntrBkSttlmAmt>
			<IntrBkSttlmDt>2019-10-08</IntrBkSttlmDt>
			<SttlmPrty>HIGH</SttlmPrty>
			<SttlmTmIndctn>
				<DbtDtTm>2019-10-08T10:15:00.001+05:30</DbtDtTm>
				<CdtDtTm>2019-10-08T10:15:00.001+05:30</CdtDtTm>
			</SttlmTmIndctn>
			<SttlmTmReq>
				<FrTm>10:15:00.001+05:30</FrTm>
			</SttlmTmReq>
			<InstdAmt Ccy="THB">23500</InstdAmt>
			<ChrgBr>DEBT</ChrgBr>
			<PrvsInstgAgt1>
				<FinInstnId>
					<Nm>asda</Nm>
					<PstlAdr>
						<TwnNm>DEPT</TwnNm>
						<Ctry>IN</Ctry>
					</PstlAdr>
				</FinInstnId>
			</PrvsInstgAgt1>
			<InstgAgt>
				<FinInstnId>
					<BICFI>BOPIPHMM123</BICFI>
				</FinInstnId>
			</InstgAgt>
			<InstdAgt>
				<FinInstnId>
					<BICFI>PBAADEFFAC2</BICFI>
				</FinInstnId>
			</InstdAgt>
			<UltmtDbtr>
				<Nm>Ultimate debtor name</Nm>
				<Id>
					<OrgId>
						<AnyBIC>ULTMDBTRBIC</AnyBIC>
					</OrgId>
				</Id>
			</UltmtDbtr>
			<InitgPty>
				<Nm>Init</Nm>
			</InitgPty>
			<Dbtr>
				<Nm>Debtor name</Nm>
				<Id>
					<OrgId>
						<AnyBIC>DEBTORXXBIC</AnyBIC>
					</OrgId>
				</Id>
			</Dbtr>
			<DbtrAgt>
				<FinInstnId>
					<BICFI>DEBTORXXAGT</BICFI>
				</FinInstnId>
			</DbtrAgt>
			<CdtrAgt>
				<FinInstnId>
					<BICFI>CREDITORAGT</BICFI>
				</FinInstnId>
			</CdtrAgt>
			<Cdtr>
				<Nm>Creditor name</Nm>
				<Id>
					<OrgId>
						<AnyBIC>CREDITORBIC</AnyBIC>
					</OrgId>
				</Id>
			</Cdtr>
			<CdtrAcct>
				<Id>
					<Othr>
						<Id>Id</Id>
						<SchmeNm>
							<Cd>AIIN</Cd>
						</SchmeNm>
						<Issr>Issr</Issr>
					</Othr>
				</Id>
				<Tp>
					<Prtry>Prtry</Prtry>
				</Tp>
				<Ccy>USD</Ccy>
				<Prxy>
					<Tp>
						<Prtry>Prtry</Prtry>
					</Tp>
					<Id>Id</Id>
				</Prxy>
			</CdtrAcct>
			<UltmtCdtr>
				<Nm>Ultimate creditor name</Nm>
				<Id>
					<OrgId>
						<AnyBIC>ULTMCDTRBIC</AnyBIC>
					</OrgId>
				</Id>
			</UltmtCdtr>
		</CdtTrfTxInf>
	</FIToFICstmrCdtTrf>
</Document>
